<?xml version="1.0" encoding="UTF-8"?><collection xmlns="http://www.loc.gov/MARC21/slim"><record><leader>00544nam--2200157-i-4500</leader><controlfield tag="001">000005049</controlfield><controlfield tag="002">20161230</controlfield><controlfield tag="005">20181214024918</controlfield><controlfield tag="008">060222s1000------------r-----000-0-eng-d</controlfield><datafield ind1=" " ind2=" " tag="040"><subfield code="a">IFIN-H.H</subfield></datafield><datafield ind1="1" ind2="0" tag="100"><subfield code="a">Bogoliuboff, N. And Kryloff, N</subfield></datafield><datafield ind1="1" ind2=" " tag="245"><subfield code="a">Introduction to non-linear mechanics. a free translation by solomon lefschetz of except from two russian monographs. 4-th printing</subfield></datafield><datafield ind1=" " ind2=" " tag="260"><subfield code="a">Princetonl, Princeton University Press, 1955. 106 P</subfield></datafield><datafield ind1=" " ind2=" " tag="490"><subfield code="a">Annals Of Mathematics Studies</subfield></datafield><datafield ind1=" " ind2=" " tag="852"><subfield code="b">REZERVA</subfield></datafield><datafield ind1=" " ind2=" " tag="CAT"><subfield code="a">SYS</subfield><subfield code="c">20181214</subfield><subfield code="h">024918</subfield></datafield></record></collection>